<record><leader>00000cas a22000007a 4500</leader><controlfield tag="001">14245508</controlfield><controlfield tag="008">860920d192u1934aluwr ne      0    0eng d</controlfield><datafield ind1=" " ind2=" " tag="010"><subfield code="a">sn 86050357 </subfield></datafield><datafield ind1=" " ind2=" " tag="040"><subfield code="a">AAR</subfield><subfield code="b">eng</subfield><subfield code="c">AAR</subfield><subfield code="d">CPN</subfield><subfield code="d">OCLCQ</subfield></datafield><datafield ind1=" " ind2=" " tag="042"><subfield code="a">msc</subfield></datafield><datafield ind1="0" ind2=" " tag="130"><subfield code="a">Jefferson County herald (Tarrant City, Ala.)</subfield></datafield><datafield ind1="1" ind2="4" tag="245"><subfield code="a">The Jefferson County herald.</subfield></datafield><datafield ind1=" " ind2=" " tag="260"><subfield code="a">Tarrant City, Ala. :</subfield><subfield code="b">Orrin Williams</subfield></datafield><datafield ind1=" " ind2=" " tag="300"><subfield code="a">v. :</subfield><subfield code="b">ill. ;</subfield><subfield code="c">56 cm.</subfield></datafield><datafield ind1=" " ind2=" " tag="310"><subfield code="a">Weekly</subfield></datafield><datafield ind1="1" ind2=" " tag="362"><subfield code="a">Ceased in June 1934.</subfield></datafield><datafield ind1=" " ind2=" " tag="588"><subfield code="a">Description based on: Vol. 6, no. 34 (Jan. 15, 1932).</subfield></datafield><datafield ind1=" " ind2=" " tag="752"><subfield code="a">United States</subfield><subfield code="b">Alabama</subfield><subfield code="c">Jefferson</subfield><subfield code="d">Tarrant City.</subfield></datafield><datafield ind1="0" ind2="0" tag="780"><subfield code="t">Tarrant City booster</subfield></datafield><datafield ind1="0" ind2="0" tag="785"><subfield code="t">Alabama herald (Birmingham, Ala.)</subfield><subfield code="w">(DLC)sn 88050005</subfield></datafield></record>